@article{deeplearning,
  doi={10.1109/jbhi.2020.3022989},
  url={https://doi.org/10.1109/jbhi.2020.3022989},
  year={2021},
  publisher={Institute of Electrical and Electronics Engineers ({IEEE})},
  volume={25},
  number={5},
  pages={1519--1528},
  author={Nils Strodthoff and Patrick Wagner and Tobias Schaeffter and Wojciech Samek},
  title={Deep Learning for {ECG} Analysis: Benchmarks and Insights from {PTB}-{XL}},
  journal={{IEEE} Journal of Biomedical and Health Informatics}
},
@misc{ecg,
  title={Elettrocardiogramma},
  author={Wikipedia contributors},
  year={2023},
  howpublished={\url{https://it.wikipedia.org/wiki/Elettrocardiogramma}}
},
@article{classification,
  doi={10.1038/s41591-018-0268-3},
  url={https://doi.org/10.1038/s41591-018-0268-3},
  year={2019},
  publisher={Springer Science and Business Media {LLC}},
  volume={25},
  number={1},
  pages={65--69},
  author={Awni Y. Hannun and Pranav Rajpurkar and Masoumeh Haghpanahi and Geoffrey H. Tison and Codie Bourn and Mintu P. Turakhia and Andrew Y. Ng},
  title={Cardiologist-level arrhythmia detection and classification in ambulatory electrocardiograms using a deep neural network},
  journal={Nature Medicine}
},
@article{use,
  doi={10.1155/2022/3466787},
  url={https://doi.org/10.1155/2022/3466787},
  year={2022},
  publisher={Hindawi Limited},
  volume={2022},
  pages={1--9},
  author={Weiqian Liang},
  editor={Yaxiang Fan},
  title={Deep Learning-Based {ECG} Abnormality Identification Prediction and Analysis},
  journal={Journal of Sensors}
},
@misc{dataset,
  doi={10.13026/KFZX-AW45},
  url={https://physionet.org/content/ptb-xl/1.0.3/},
  author={Wagner,  Patrick and Strodthoff,  Nils and Bousseljot,  Ralf-Dieter and Samek,  Wojciech and Schaeffter,  Tobias},
  title={{PTB}-{XL},  a large publicly available electrocardiography dataset},
  publisher={PhysioNet},
  year={2022}
},
@article{datasetref,
  doi={10.1038/s41597-020-0495-6},
  url={https://doi.org/10.1038/s41597-020-0495-6},
  year={2020},
  publisher={Springer Science and Business Media {LLC}},
  volume={7},
  number={1},
  author={Patrick Wagner and Nils Strodthoff and Ralf-Dieter Bousseljot and Dieter Kreiseler and Fatima I. Lunze and Wojciech Samek and Tobias Schaeffter},
  title={{PTB}-{XL},  a large publicly available electrocardiography dataset},
  journal={Scientific Data}
},
@article{datasetdistro,
  doi={10.1161/01.cir.101.23.e215},
  url={https://doi.org/10.1161/01.cir.101.23.e215},
  year={2000},
  publisher={Ovid Technologies (Wolters Kluwer Health)},
  volume={101},
  number={23},
  author={Ary L. Goldberger and Luis A. N. Amaral and Leon Glass and Jeffrey M. Hausdorff and Plamen Ch. Ivanov and Roger G. Mark and Joseph E. Mietus and George B. Moody and Chung-Kang Peng and H. Eugene Stanley},
  title={{PhysioBank},  {PhysioToolkit},  and {PhysioNet}},
  journal={Circulation}
},
@inproceedings{dower,
  doi={10.1109/embc.2015.7319393},
  url={https://doi.org/10.1109/embc.2015.7319393},
  year={2015},
  publisher={Institute of Electrical and Electronics Engineers ({IEEE})},
  author={A. Aranda and P. Bonizzi and J. Karel and R. Peeters},
  title={Performance of {D}ower{\textquotesingle}s inverse transform and Frank lead system for Identification of Myocardial Infarction},
  booktitle={2015 37th Annual International Conference of the {IEEE} Engineering in Medicine and Biology Society ({EMBC})},
  journal={{IEEE} Journal of Biomedical and Health Informatics}
},
@article{dowerecg,
  doi={10.1016/0022-0736(88)90113-6},
  url={https://doi.org/10.1016/0022-0736(88)90113-6},
  year={1988},
  publisher={Elsevier {BV}},
  volume={21},
  number={4},
  pages={361--367},
  author={Lars Edenbrandt and Olle Pahlm},
  title={Vectorcardiogram synthesized from a 12-lead {ECG}: Superiority of the inverse {D}ower matrix},
  journal={Journal of Electrocardiology}
},
@article{ribeiro,
  doi={10.1038/s41467-020-15432-4},
  url={https://doi.org/10.1038/s41467-020-15432-4},
  year={2020},
  publisher={Springer Science and Business Media {LLC}},
  volume={11},
  number={1},
  author={Ant{\^{o}}nio H. Ribeiro and Manoel Horta Ribeiro and Gabriela M. M. Paix{\~{a}}o and Derick M. Oliveira and Paulo R. Gomes and J{\'{e}}ssica A. Canazart and Milton P. S. Ferreira and Carl R. Andersson and Peter W. Macfarlane and Wagner Meira and Thomas B. Sch\"{o}n and Antonio Luiz P. Ribeiro},
  title={Automatic diagnosis of the 12-lead {ECG} using a deep neural network},
  journal={Nature Communications}
},
@article{hannun,
  doi={10.1038/s41591-018-0268-3},
  url={https://doi.org/10.1038/s41591-018-0268-3},
  year={2019},
  publisher={Springer Science and Business Media {LLC}},
  volume={25},
  number={1},
  pages={65--69},
  author={Awni Y. Hannun and Pranav Rajpurkar and Masoumeh Haghpanahi and Geoffrey H. Tison and Codie Bourn and Mintu P. Turakhia and Andrew Y. Ng},
  title={Cardiologist-level arrhythmia detection and classification in ambulatory electrocardiograms using a deep neural network},
  journal={Nature Medicine}
},
@misc{cluster,
  title={K-means},
  author={Wikipedia contributors},
  year={2023},
  howpublished={\url{https://it.wikipedia.org/wiki/K-means}}
}